@article{zeri2015visual,
  title={Visual discomfort while watching stereoscopic three-dimensional movies at the cinema},
  author={Zeri, Fabrizio and Livi, Stefano},
  journal={Ophthalmic and Physiological Optics},
  volume={35},
  number={3},
  pages={271--282},
  year={2015},
  publisher={Wiley Online Library}
}
@inproceedings{rozhkova,
  title={Теоретическая оценка дефектности стереокадров и реальный зрительный дискомфорт},
  author={Рожкова, Г.И.},
  booktitle={VIII Международная научно-практическая конференция "Запись и воспроизведение объёмных изображений в кинематографе и других отраслях"},
  pages={85--98},
  year={2016},
  organization={ВГИК}
}
@inproceedings{khaustova2015objective,
  title={An objective method for 3{D} quality prediction using visual annoyance and acceptability level},
  author={Khaustova, Darya and Fournier, J{\'e}r{\^o}me and Wyckens, Emmanuel and Le Meur, Olivier},
  booktitle={SPIE/IS\&T Electronic Imaging},
  pages={93910P},
  year={2015},
  organization={International Society for Optics and Photonics}
}
@article{dumic20173d,
  title={3D video subjective quality: a new database and grade comparison study},
  author={Dumi{\'c}, Emil and Grgi{\'c}, Sonja and {\v{S}}aki{\'c}, Kre{\v{s}}imir and Rocha, Pedro Miguel Regalo and da Silva Cruz, Luis A},
  journal={Multimedia tools and applications},
  volume={76},
  number={2},
  pages={2087--2109},
  year={2017},
  publisher={Springer US}
}
@inproceedings{aant,
  title={Автоматический метод оценки степени усталости от просмотра 3D-видео},
  author={Анциферова, А.В. and Ватолин, Д.С.},
  booktitle={VIII Международная научно-практическая конференция "Запись и воспроизведение объёмных изображений в кинематографе и других отраслях"},
  pages={106--122},
  year={2016},
  organization={ВГИК}
}
%---------------------
@inproceedings{boev2009classification,
  title={Classification and simulation of stereoscopic artifacts in mobile 3DTV content},
  author={Boev, Atanas and Hollosi, Danilo and Gotchev, Atanas and Egiazarian, Karen},
  booktitle={IS\&T/SPIE Electronic Imaging},
  pages={72371F--72371F},
  year={2009},
  organization={International Society for Optics and Photonics}
}
@article{cinema_headache,
  title={3D cinema and headache: The First evidential relation and analysis of involved Factors},
  author={Mark, Braschinsky and Aire, Raidvee and Liis, Sabre and Nadezhda, Zmachinskaja and Olga, Zukovskaja and Anti, Karask and Bruno, Saar and Aleksei, Rakitin},
  journal={Frontiers in Neurology},
  volume={7},
  pages={1--6},
  year={2016},
  publisher={ACM}
}
@phdthesis{chen2012multidimensional,
  title={Multidimensional characterization of quality of experience of stereoscopic 3d tv},
  author={Chen, Wei},
  year={2012},
  school={Universit{\'e} de Nantes Angers Le Mans}
}
@article{lambooij2009visual,
  title={Visual discomfort and visual fatigue of stereoscopic displays: A review},
  author={Lambooij, Marc and Fortuin, Marten and Heynderickx, Ingrid and IJsselsteijn, Wijnand},
  journal={Journal of Imaging Science and Technology},
  volume={53},
  number={3},
  pages={30201--1},
  year={2009},
  publisher={Society for Imaging Science and Technology}
}
@article{terzic2017causes,
  title={Causes of discomfort in stereoscopic content: a review},
  author={Terzic, Kasim and Hansard, Miles},
  journal={arXiv preprint arXiv:1703.04574},
  year={2017}
}
@article{jung2012visual,
  title={Visual comfort assessment metric based on salient object motion information in stereoscopic video},
  author={Jung, Yong Ju and Lee, Seong-il and Sohn, Hosik and Park, Hyun Wook and Ro, Yong Man},
  journal={Journal of Electronic Imaging},
  volume={21},
  number={1},
  pages={011008--1},
  year={2012},
  publisher={International Society for Optics and Photonics}
}
%---------ITU_R----------
@article{series2014principles,
  title={Principles for the comfortable viewing of stereoscopic three-dimensional television (3DTV) images},
  author={Series, BT},
  year={2014}
}
%---------ours----------
@inproceedings{voronov2013methodology,
  title={Methodology for stereoscopic motion-picture quality assessment},
  author={Voronov, Alexander and Vatolin, Dmitriy and Sumin, Denis and Napadovsky, Vyacheslav and Borisov, Alexey},
  booktitle={Proc. SPIE},
  volume={8648},
  pages={864810},
  year={2013}
}
@misc{8report,
  author={Dmitry Vatolin and Alexander Bokov and Stanislav Dolganov and Vitaliy Lyudvichenko and Vladimir Yanushkovsky and Vyacheslav Napadovsky and Denis Sumin and Marat Arsaev and Alexander Voronov},
  title={{V}{Q}{M}{T}3{D} project stereo-film-quality analysis report 8},
  howpublished={\url{http://www.compression.ru/video/vqmt3d/report8/}},
  year={2015}
}

@misc{9report,
  author={Dmitry Vatolin and Alexander Bokov and Stanislav Dolganov and Sergey Zvezdakov and Vitaliy Lyudvichenko and Vladimir Yanushkovsky and Vyacheslav Napadovsky and Denis Sumin and Marat Arsaev and Alexander Voronov},
  title={{V}{Q}{M}{T}3{D} project stereo-film-quality analysis report 9},
  howpublished={\url{http://www.compression.ru/video/vqmt3d/report9/}},
  year={2017}
}
@misc {scene_detector,
  title = {{MSU Scene Change Detector}},
  howpublished = {\url{http://compression.ru/video/quality_measure/metric_plugins/scd_ru.htm}}
}
@misc {vqmt3d,
  title = {{Video Quality Measurement Tool 3D Project}},
  howpublished = {\url{http://compression.ru/video/vqmt3d/}}
}
@inproceedings{me,
  title={Fast video super-resolution via classification},
  author={Simonyan, Karen and Grishin, Sergey and Vatolin, Dmitriy and Popov, Dmitriy},
  booktitle={Image Processing, 2008. ICIP 2008. 15th IEEE International Conference on},
  pages={349--352},
  year={2008},
  organization={IEEE}
}